<record xmlns="http://www.loc.gov/MARC21/slim">
  <leader>03274ctma 2200469Ma 4500</leader>
  <controlfield tag="001">ocm64758500 </controlfield>
  <controlfield tag="003">OCoLC</controlfield>
  <controlfield tag="005">20211004132912.0</controlfield>
  <controlfield tag="008">000518q14001500xx a 000 0 lat d</controlfield>
  <datafield ind1=" " ind2=" " tag="040">
    <subfield code="a">COO</subfield>
    <subfield code="b">eng</subfield>
    <subfield code="e">amremm</subfield>
    <subfield code="c">COO</subfield>
    <subfield code="d">OCLCQ</subfield>
    <subfield code="d">OCLCF</subfield>
    <subfield code="d">OCLCO</subfield>
    <subfield code="d">OCLCQ</subfield>
    <subfield code="d">OCLCA</subfield>
  </datafield>
  <datafield ind1=" " ind2=" " tag="035">
    <subfield code="a">(OCoLC)64758500</subfield>
  </datafield>
  <datafield ind1=" " ind2=" " tag="049">
    <subfield code="a">COOO</subfield>
  </datafield>
  <datafield ind1="0" ind2=" " tag="130">
    <subfield code="a">Manual.</subfield>
  </datafield>
  <datafield ind1="1" ind2="0" tag="245">
    <subfield code="a">Manuale in investionibus, professionibus, et iubileis monialium necessarium,
      ad usum prioris monasterii Rubee vallis.</subfield>
  </datafield>
  <datafield ind1=" " ind2=" " tag="260">
    <subfield code="a">[Rougeval, Belgium (near Brussels),</subfield>
    <subfield code="c">between ca. 1400 and ca. 1500]</subfield>
  </datafield>
  <datafield ind1=" " ind2=" " tag="300">
    <subfield code="a">52 leaves :</subfield>
    <subfield code="b">parchment ;</subfield>
    <subfield code="c">145 x 109 (99 x 70) mm. bound to 153 x 118 mm.</subfield>
  </datafield>
  <datafield ind1=" " ind2=" " tag="336">
    <subfield code="a">text</subfield>
    <subfield code="b">txt</subfield>
    <subfield code="2">rdacontent</subfield>
  </datafield>
  <datafield ind1=" " ind2=" " tag="337">
    <subfield code="a">unmediated</subfield>
    <subfield code="b">n</subfield>
    <subfield code="2">rdamedia</subfield>
  </datafield>
  <datafield ind1=" " ind2=" " tag="338">
    <subfield code="a">volume</subfield>
    <subfield code="b">nc</subfield>
    <subfield code="2">rdacarrier</subfield>
  </datafield>
  <datafield ind1=" " ind2=" " tag="500">
    <subfield code="a">Ms. codex.</subfield>
  </datafield>
  <datafield ind1=" " ind2=" " tag="520">
    <subfield code="a">Ceremonial for Augustinian nuns.</subfield>
  </datafield>
  <datafield ind1=" " ind2=" " tag="546">
    <subfield code="a">Text in Latin.</subfield>
  </datafield>
  <datafield ind1=" " ind2=" " tag="500">
    <subfield code="a">Contents: f. 1r: Title in a 17th-century hand -- ff. 2r-7v: &quot;De iubileo
      sororum&quot; in a 15th-century formal Gothic hand -- f. 8r: blank -- f. 8v: Additions to the
      service in a 17th-century cursive hand and a contemporary pseudo-Gothic hand -- ff. 9r-27v (in
      a formal Gothic hand): Ceremonial for the induction of a nun into the Augustinian order,
      beginning &quot;Postq[ua]m p[er]sona q[ue] ad h[a]bitu[m] religionis ... &quot;, and ending
      &quot;e[t] s[ic] introducat[ur].&quot;--Ff. 27v-32r: &quot;De iubileo sororum&quot; reiterated
      (see ff. 2r-7v), with variations, in a Gothic hybrid hand -- ff. 32v-33v: blank -- ff.
      34r-51v: Ceremonial which appears on ff. 9r-27v reiterated, with variations, in a formal
      Gothic hand -- 52r: Three injunctions in a 17th-century hand on a slip of paper tipped into
      the flyleaf.</subfield>
  </datafield>
  <datafield ind1=" " ind2=" " tag="500">
    <subfield code="a">Layout: Written in 16 (or 17) long lines; frame-ruled, prickings visible on
      some folios.</subfield>
  </datafield>
  <datafield ind1=" " ind2=" " tag="500">
    <subfield code="a">Script: Gothic textual and Gothic hybrid hands of the 15th century; cursive
      hands of the 17th century; 17th-century imitation of Gothic textual. A late (presumably
      17th-century) hand has dotted the i&apos;s of the 15th-century Gothic textual on several
      folios.</subfield>
  </datafield>
  <datafield ind1=" " ind2=" " tag="500">
    <subfield code="a">Music: Contains musical notation.</subfield>
  </datafield>
  <datafield ind1=" " ind2=" " tag="500">
    <subfield code="a">Binding: 17th century, calf.</subfield>
  </datafield>
  <datafield ind1=" " ind2=" " tag="500">
    <subfield code="a">Origin: Written in Belgium, fifteenth century.</subfield>
  </datafield>
  <datafield ind1=" " ind2=" " tag="561">
    <subfield code="a">Provenance: L. Weerdt. Obtained in Europe by A.D. White in 1886. Donated to
      the White Library in 1891.</subfield>
  </datafield>
  <datafield ind1=" " ind2=" " tag="524">
    <subfield code="a">Division of Rare and Manuscript Collections, Cornell University Library,
      Misc. Bd. Ms. 31.</subfield>
  </datafield>
  <datafield ind1=" " ind2=" " tag="500">
    <subfield code="a">Former shelfmark: MSS Bd. Rare BX C36 M295.</subfield>
  </datafield>
  <datafield ind1=" " ind2=" " tag="500">
    <subfield code="a">Related shelfmark: MS B.37.</subfield>
  </datafield>
  <datafield ind1="4" ind2=" " tag="510">
    <subfield code="a">De Ricci, S. Census of Medieval and Renaissance Manuscripts in the United
      States and Canada,</subfield>
    <subfield code="c">II, p. 1235</subfield>
  </datafield>
  <datafield ind1=" " ind2="0" tag="650">
    <subfield code="a">Monastic and religious life.</subfield>
  </datafield>
  <datafield ind1=" " ind2="7" tag="650">
    <subfield code="a">Monastic and religious life.</subfield>
    <subfield code="2">fast</subfield>
    <subfield code="0">(OCoLC)fst01025101</subfield>
  </datafield>
  <datafield ind1=" " ind2="7" tag="655">
    <subfield code="a">Gothic scripts.</subfield>
    <subfield code="2">aat</subfield>
  </datafield>
  <datafield ind1=" " ind2="7" tag="655">
    <subfield code="a">Parchment.</subfield>
    <subfield code="2">aat</subfield>
  </datafield>
  <datafield ind1="1" ind2=" " tag="700">
    <subfield code="a">White, Andrew Dickson,</subfield>
    <subfield code="d">1832-1918.</subfield>
  </datafield>
  <datafield ind1="2" ind2=" " tag="710">
    <subfield code="a">Cornell University.</subfield>
    <subfield code="b">Library.</subfield>
    <subfield code="b">Division of Rare and Manuscript Collections.</subfield>
    <subfield code="k">Manuscript.</subfield>
    <subfield code="n">Misc. Bd. Ms. 31.</subfield>
  </datafield>
  <datafield ind1=" " ind2=" " tag="752">
    <subfield code="a">Belgium.</subfield>
  </datafield>
  <datafield ind1="0" ind2="8" tag="776">
    <subfield code="i">Online version:</subfield>
    <subfield code="a">Manual.</subfield>
    <subfield code="t">Manuale in investionibus, professionibus, et iubileis monialium necessarium,
      ad usum prioris monasterii Rubee vallis.</subfield>
    <subfield code="d">[Rougeval, Belgium (near Brussels), between ca. 1400 and ca. 1500]</subfield>
    <subfield code="w">(OCoLC)1129079576</subfield>
  </datafield>
  <datafield ind1=" " ind2=" " tag="994">
    <subfield code="a">C0</subfield>
    <subfield code="b">COO</subfield>
  </datafield>
</record>
